@misc{GoogleVisionAPI,
  title = {Vision API - Image Content Analysis | Google Cloud Platform},
  howpublished = {\url{https://cloud.google.com/vision/}},
  note = {Accessed: 2016-12-27}
}

@misc{MicrosoftVisionAPI,
  title = {Computer Vision API},
  howpublished = {\url{https://www.microsoft.com/cognitive-services/en-us/computer-vision-api}},
  note = {Accessed: 2016-12-27}
}

@misc{Imagga,
  title = {	Imagga - powerful image recognition APIs for automated categorization \& tagging},
  howpublished = {\url{https://imagga.com/}},
  note = {Accessed: 2016-12-27}
}

@misc{Clarifai,
  title = {Clarifai - Image \& Video Recognition API},
  howpublished = {\url{https://www.clarifai.com/}},
  note = {Accessed: 2016-12-27}
}

@misc{GooglePhotos,
  title = {Photos - Google Photos},
  howpublished = {\url{https://photos.google.com/}},
  note = {Accessed: 2016-12-27}
}

@article{DeepLearningMethods,
	Author = {Deng and L.; Yu and D.},
	Journal = {Foundations and Trends in Signal Processing},
	Title = {Deep Learning: Methods and Applications},
    Doi = {10.1561/2000000039},
	Year = {2014}}
    
@article{DeepArchitectures,
	Author = {Bengio and Yoshua},
	Journal = {Foundations and Trends in Machine Learning},
	Title = {Learning Deep Architectures for AI},
    Doi = {10.1561/2200000006},
	Year = {2009}}
    
@article{CNN_1,
	Author = {Matusugu and Masakazu; Katsuhiko Mori; Yusuke Mitari; Yuji Kaneda},
	Journal = {Neural Networks},
	Title = {Subject independent facial expression recognition with robust face detection using a convolutional neural network},
    Url={http://www.iro.umontreal.ca/~pift6080/H09/documents/papers/sparse/matsugo_etal_face_expression_conv_nnet.pdf},
	Year = {2003}}
    
@misc{CNN_2,
  title = {	LeNet-5, convolutional neural networks},
  howpublished = {\url{http://yann.lecun.com/exdb/lenet/}},
  note = {Accessed: 2016-12-29}
}
    
@article{CNN_3,
	Author = {Le Callet and Patrick; Christian Viard-Gaudin; Dominique Barba},
	Journal = {IEEE Transactions on Neural Networks},
	Title = {A Convolutional Neural Network Approach for Objective Video Quality Assessment},
	Year = {2006}}


@misc{ImageNet,
  title = {ImageNet Summary and Statistics},
  howpublished = {\url{http://image-net.org/about-stats}},
  note = {Accessed: 2016-12-28}
}

@misc{CUDA,
  title = {Parallel Programming and Computing Platform - NVIDIA CUDA},
  howpublished = {\url{http://www.nvidia.com/object/cuda_home_new.html}},
  note = {Accessed: 2016-12-28}
}

@misc{Python,
  title = {Python programming language},
  howpublished = {\url{https://www.python.org/}},
  note = {Accessed: 2016-12-28}
}

@misc{Tensorflow,
  title = {Tensorflow - an open source software library for numerical computation using data flow graphs},
  howpublished = {\url{https://www.tensorflow.org/}},
  note = {Accessed: 2016-12-28}
}

@misc{Bitbucket,
  title = {Bitbucket - The Git solution for professional teams},
  howpublished = {\url{https://bitbucket.org/}},
  note = {Accessed: 2016-12-28}
}

@misc{PyCharm,
  title = {Python IDE for Professional Developers},
  howpublished = {\url{https://www.jetbrains.com/pycharm/}},
  note = {Accessed: 2016-12-28}
}

@misc{GoogleBrain,
  title = {Google Brain team members set their own research agenda, with the team as a whole maintaining a portfolio of projects across different time horizons and levels of risk.},
  howpublished = {\url{https://research.google.com/teams/brain/}},
  note = {Accessed: 2016-12-30}
}

@misc{PretrainedGithub,
  title = {Keras code and weights files for popular deep learning models.},
  howpublished = {\url{https://github.com/fchollet/deep-learning-models}},
  note = {Accessed: 2016-12-30}
}

@article{EndOfCPU,
	Author = {Silberstein and Mark; Schuster and Assaf; Geiger and Dan; Patney and Anjul; Owens and John D.},
	Journal = {Proceedings of the 22nd annual international conference on Supercomputing – ICS '08. pp. 309–318.},
	Title = {Efficient computation of sum-products on GPUs through software-managed cache. },
    Doi = {10.1145/1375527.1375572},
    ISBN = {978-1-60558-158-3},
	Year = {2008}}
    
@article{EfficientComputation,
	Author = {Fedy Abi-Chahla},
	Journal = {Tom's Hardware},
	Title = {Nvidia's CUDA: The End of the CPU?},
	Url = {http://www.tomshardware.com/reviews/nvidia-cuda-gpu,1954.html},
	Year = {2008}}

@article{FacebookFacts,
	Author = {Kevin Ho},
	Journal = {Wishpond},
	Title = {41 Up-to-Date Facebook Facts and Stats},
	Url = {http://blog.wishpond.com/post/115675435109/40-up-to-date-facebook-facts-and-stats},
	Year = {2014}}
    
@article{GoogleGorillas,
	Author = {Richard Gray for MailOnline},
	Title = {Google apologizes after Photos app tags black couple as gorillas: Fault in image recognition software mislabeled picture},
	Url = {http://www.dailymail.co.uk/sciencetech/article-3145887/Google-apologises-Photos-app-tags-black-people-gorillas-Fault-image-recognition-software-mislabelled-picture.html},
	Year = {2015}}
    
@misc{Python_1,
  title = {TIOBE Programming Community Index Python},
  howpublished = {\url{http://www.tiobe.com/documentation//tpci/Python.html}},
  note = {Accessed: 2016-12-29},
  Year = {2015}
}

@misc{Python_2,
  title = {Why was Python created in the first place?},
  howpublished = {\url{https://docs.python.org/3/faq/general.html\#why-was-python-created-in-the-first-place}},
  note = {Accessed: 2016-12-29}
}

@article{ILSVRC15,
Author = {Olga Russakovsky and Jia Deng and Hao Su and Jonathan Krause and Sanjeev Satheesh and Sean Ma and Zhiheng Huang and Andrej Karpathy and Aditya Khosla and Michael Bernstein and Alexander C. Berg and Li Fei-Fei},
Title = {{ImageNet Large Scale Visual Recognition Challenge}},
Year = {2015},
journal   = {International Journal of Computer Vision (IJCV)},
doi = {10.1007/s11263-015-0816-y},
volume={115},
number={3},
pages={211-252}
}

@article{He2015,
    author = {Kaiming He and Xiangyu Zhang and Shaoqing Ren and Jian Sun},
    title = {Deep Residual Learning for Image Recognition},
    journal = {arXiv preprint arXiv:1512.03385},
    year = {2015}
}

@misc{Solids1963,
    author = {L. G. Roberts},
  title = {Machine Perception
of Three-Dimensional Solids},
  howpublished = {\url{https://dspace.mit.edu/bitstream/handle/1721.1/11589/33959125-MIT.pdf?sequence=2}},
  journal   = {Ph.D. thesis, MIT Department of Electrical Engineering},
  year = {1963},
  note = {Accessed: 2017-01-12}
}

@misc{Alignment1987,
    author = {Daniel P. Hutternlocher and Shimon Ullman},
  title = {Object Recognition Using Alignment},
  howpublished = {\url{https://www.cse.unr.edu/~bebis/CS773C/ObjectRecognition/Papers/Huttenlocher87.pdf}},
  journal   = {Artificial Intelligence Laboratory Massachusetts Institute of Technology Cambridge},
  year = {1963},
  note = {Accessed: 2017-01-12}
}

@article{TensorflowDetails,
Author = {Martın Abadi and Ashish Agarwal and Paul Barham and Eugene Brevdo and Zhifeng Chen and Craig Citro and Greg S. Corrado and Andy Davis and Jeffrey Dean and Matthieu Devin and Sanjay Ghemawat and Ian Goodfellow and Andrew Harp and Geoffrey Irving and Michael Isard and Yangqing Jia and Rafal Jozefowicz and Lukasz Kaiser and Manjunath Kudlur and Josh Levenberg and Dan Mane and Rajat Monga and Sherry Moore and Derek Murray and Chris Olah and Mike Schuster and Jonathon Shlens and Benoit Steiner and Ilya Sutskever and Kunal Talwar and Paul Tucker and Vincent Vanhoucke and Vijay Vasudevan and Fernanda Viegas and Oriol Vinyals and Pete Warden and Martin Wattenberg and Martin Wicke and Yuan Yu and and Xiaoqiang Zheng},
Title = {Large-Scale Machine Learning on Heterogeneous Distributed Systems},
Year = {2015},
journal   = {Google Research}
}

@misc{KerasTutorial,
    author = {Jason Brownlee},
  title = {Object Recognition with Convolutional Neural Networks in the Keras Deep Learning Library},
  howpublished = {\url{http://machinelearningmastery.com/object-recognition-convolutional-neural-networks-keras-deep-learning-library/}},
  journal   = {Deep Learning},
  year = {2016},
  note = {Accessed: 2017-01-12}
}

@article{Theano,
Author = {Bergstra, J. and O. Breuleux and F. Bastien and P. Lamblin and R. Pascanu and G. Desjardins and J. Turian and D. Warde-Farley and Y. Bengio},
Title = {{Theano: A CPU and GPU Math Expression Compiler}},
Year = {2010},
journal   = {Proceedings of the Python for Scientific Computing Conference (SciPy) 2010}
}

@article{CNN_blog,
	Author = {Brandon},
	Journal = {Data Science and Robots Blog},
	Title = {How do Convolutional Neural Networks work?},
    Url={http://brohrer.github.io/how_convolutional_neural_networks_work.html},
	Year = {2016}}
    
@article{Fingerprints,
	Author = {Nitin Kaushal and Purnima Kaushal},
	Journal = {J Biomet Biostat},
	Title = {Human Identification and Fingerprints: A Review},
    Url={https://www.omicsonline.org/human-identification-and-fingerprints-a-review-2155-6180.1000123.php?aid=2581},
	Year = {2011}}







